<?xml version="1.0" encoding="UTF-8"?><collection xmlns="http://www.loc.gov/MARC21/slim"><record><leader>00365nam--2200133-i-4500</leader><controlfield tag="001">000009034</controlfield><controlfield tag="002">20161230</controlfield><controlfield tag="005">20161230201028</controlfield><controlfield tag="008">060222s1000------------r-----000-0-eng-d</controlfield><datafield ind1=" " ind2=" " tag="080"><subfield code="a">548: 539.2.061.3 : 546.23. 546.24</subfield></datafield><datafield ind1=" " ind2=" " tag="100"><subfield code="a">Cooper Charles, W</subfield></datafield><datafield ind1=" " ind2=" " tag="245"><subfield code="a">The physics of selenium and tellurium</subfield></datafield><datafield ind1=" " ind2=" " tag="260"><subfield code="a">Oxford, Pergamon Press, 1969 Ix + 380 P</subfield></datafield><datafield ind1=" " ind2=" " tag="852"><subfield code="a">31761</subfield></datafield></record></collection>